@inproceedings{maas-EtAl:2011:ACL-HLT2011,
  author    = {Maas, Andrew L.  and  Daly, Raymond E.  and  Pham, Peter T.  and  Huang, Dan  and  Ng, Andrew Y.  and  Potts, Christopher},
  title     = {Learning Word Vectors for Sentiment Analysis},
  booktitle = {Proceedings of the 49th Annual Meeting of the Association for Computational Linguistics: Human Language Technologies},
  month     = {June},
  year      = {2011},
  address   = {Portland, Oregon, USA},
  publisher = {Association for Computational Linguistics},
  pages     = {142--150},
  url       = {http://www.aclweb.org/anthology/P11-1015}
}

@misc{ConcreteML,
  title  = {Concrete-{ML}: a Privacy-Preserving Machine Learning Library using Fully Homomorphic Encryption for Data Scientists},
  author = {Arthur Meyre and Benoit Chevallier-Mames and Jordan Frery and Andrei Stoian and Roman Bredehoft and Luis Montero and Celia Kherfallah},
  year   = {2022-*},
  note   = {\url{https://github.com/zama-ai/concrete-ml}}
}


@misc{ConcreteNumpy,
  title  = {Concrete-Numpy:A library to turn programs into their homomorphic equivalent.},
  author = {Arthur Meyre and Benoit Chevallier-Mames and Jordan Frery and Andrei Stoian and Roman Bredehoft and Luis Montero and Celia Kherfallah},
  year   = {2022-*},
  note   = {\url{https://github.com/zama-ai/concrete-numpy}}
}